<?xml version="1.0" encoding="UTF-8"?><collection xmlns="http://www.loc.gov/MARC21/slim"><record><leader>00404nam--2200109-i-4500</leader><controlfield tag="001">000040368</controlfield><controlfield tag="002">20161230</controlfield><controlfield tag="005">20161230201042</controlfield><controlfield tag="008">060222s1000------------r-----000-0-eng-d</controlfield><datafield ind1=" " ind2=" " tag="245"><subfield code="a">Savannah river project site report. 30.000 kw prototype partially enriched uranium gas cooled, graphite moderated nuclear power plant for united states..</subfield></datafield><datafield ind1=" " ind2=" " tag="260"><subfield code="a">Oakland, Kaiser Engineers, 1959., 42 P + 18 Pl</subfield></datafield><datafield ind1=" " ind2=" " tag="852"><subfield code="a">15289</subfield></datafield></record></collection>